<collection xmlns="http://www.loc.gov/MARC21/slim">
<record>
  <leader>01253nam0a22002651i 450 </leader>
  <controlfield tag="001">IT\ICCU\CNCE\051777</controlfield>
  <controlfield tag="005">20010618000000.0</controlfield>
  <datafield tag="100" ind1=" " ind2=" ">
    <subfield code="a">20010326d1501        0itac0103    ba</subfield>
  </datafield>
  <datafield tag="101" ind1=" " ind2=" ">
    <subfield code="a">LAT</subfield>
  </datafield>
  <datafield tag="102" ind1=" " ind2=" ">
    <subfield code="a">IT</subfield>
  </datafield>
  <datafield tag="200" ind1="1" ind2=" ">
    <subfield code="a">Fasciculus medicinae</subfield>
  </datafield>
  <datafield tag="210" ind1=" " ind2=" ">
    <subfield code="a">Venezia</subfield>
    <subfield code="c">Giovanni e Gregorio de&apos; Gregori</subfield>
    <subfield code="d">1501 marzo 28</subfield>
  </datafield>
  <datafield tag="215" ind1=" " ind2=" ">
    <subfield code="a">\34! c.</subfield>
    <subfield code="c">ill</subfield>
  </datafield>
  <datafield tag="300" ind1=" " ind2=" ">
    <subfield code="a">E&apos; del 1500 cfr.:SAMIU/B p. 14</subfield>
  </datafield>
  <datafield tag="620" ind1=" " ind2=" ">
    <subfield code="a">IT</subfield>
    <subfield code="d">Venezia</subfield>
  </datafield>
  <datafield tag="700" ind1=" " ind2="1">
    <subfield code="a">Ketham,</subfield>
    <subfield code="b">Johannes</subfield>
    <subfield code="3">IT\ICCU\CNCA\008778</subfield>
  </datafield>
  <datafield tag="712" ind1="0" ind2="0">
    <subfield code="a">De_Gregori, Giovanni &amp; De_Gregori, Gregorio</subfield>
    <subfield code="3">IT\ICCU\CNCT\000402</subfield>
    <subfield code="4">650</subfield>
  </datafield>
  <datafield tag="790" ind1=" " ind2="0">
    <subfield code="a">Kartham</subfield>
    <subfield code="c"> : Alemanus</subfield>
    <subfield code="3">IT\ICCU\CNCA\019468</subfield>
    <subfield code="z">Ketham, Johannes</subfield>
  </datafield>
  <datafield tag="790" ind1=" " ind2="1">
    <subfield code="a">Karcham,</subfield>
    <subfield code="b">Johannes : de</subfield>
    <subfield code="3">IT\ICCU\CNCA\019469</subfield>
    <subfield code="z">Ketham, Johannes</subfield>
  </datafield>
  <datafield tag="790" ind1=" " ind2="1">
    <subfield code="a">Ketum,</subfield>
    <subfield code="b">Johannes : von</subfield>
    <subfield code="3">IT\ICCU\CNCA\019470</subfield>
    <subfield code="z">Ketham, Johannes</subfield>
  </datafield>
  <datafield tag="790" ind1=" " ind2="1">
    <subfield code="a">Ketham,</subfield>
    <subfield code="b">Johann : von</subfield>
    <subfield code="3">IT\ICCU\CNCA\019477</subfield>
    <subfield code="z">Ketham, Johannes</subfield>
  </datafield>
  <datafield tag="791" ind1="0" ind2="0">
    <subfield code="a">Gregoriis, Ioannes de &amp; Gregoriis, Gregorius de</subfield>
    <subfield code="3">IT\ICCU\CNCT\003747</subfield>
    <subfield code="z">De_Gregori, Giovanni &amp; De_Gregori, Gregorio</subfield>
  </datafield>
  <datafield tag="791" ind1="0" ind2="2">
    <subfield code="a">Gregorii fratres</subfield>
    <subfield code="3">IT\ICCU\CNCT\003748</subfield>
    <subfield code="z">De_Gregori, Giovanni &amp; De_Gregori, Gregorio</subfield>
  </datafield>
  <datafield tag="801" ind1=" " ind2="3">
    <subfield code="a">IT</subfield>
    <subfield code="b">ICCU</subfield>
    <subfield code="c">20201115</subfield>
  </datafield>
  <datafield tag="899" ind1=" " ind2=" ">
    <subfield code="a">Biblioteca delle Facolt ̉di giurisprudenza e di lettere e filosofia dell&apos;Universit ̉degli studi di Milano. Milano</subfield>
    <subfield code="1">MI0190</subfield>
    <subfield code="2">USM A6</subfield>
  </datafield>
</record>
</collection>
